@article{neil2015practical,
  title={Practical Vim: Edit Text at the Speed of Thought},
  author={Neil, Drew},
  journal={Practical Vim},
  pages={1--356},
  year={2015},
  publisher={The Pragmatic Bookshelf}
}

@misc{microsoftLSP,
  title = {Microsoft - Language Server Protocol},
  howpublished = {\url{https://microsoft.github.io/language-server-protocol/}},
  note = {Accessed: 2024-09-1}
}

@misc{masonNvim,
  title = {Mason.nvim - Portable package manager for Neovim that runs everywhere Neovim runs},
  howpublished = {\url{https://github.com/williamboman/mason.nvim}},
  note = {Accessed: 2024-09-1}
}

@misc{vimReferenceManual,
  title = {VIM REFERENCE MANUAL},
  author={Moolenaar, B},
  note = {Accessed: 2024-09-1},
}

@article{vimReferenceManual,
  title = {VIM REFERENCE MANUAL},
  author={Moolenaar, B},
  note = {Accessed: 2024-09-1},
}

@inbook{kleene1956,
  title = {Representation of Events in Nerve Nets and Finite Automata},
  booktitle = {Automata Studies},
  author = {S. C. Kleene},
  editor = {C. E. Shannon and J. McCarthy},
  publisher = {Princeton University Press},
  address = {Princeton},
  pages = {3--42},
  doi = {doi:10.1515/9781400882618-002},
  isbn = {9781400882618},
  year = {1956},
  lastchecked = {2024-09-11}
}
